
   <record>
      <leader>00000nz  a2200000nc 4500</leader>
      <controlfield tag="001">institutions/51000542</controlfield>
      <controlfield tag="003">DE-633</controlfield>
      <controlfield tag="005">20250620052237.0</controlfield>
      <controlfield tag="008">171205||||z|||a|||||||||||||||||n||||||d</controlfield>
      <datafield tag="024" ind1="7" ind2=" ">
         <subfield code="a">266101601</subfield>
         <subfield code="2">VIAF</subfield>
      </datafield>
      <datafield tag="024" ind1="7" ind2=" ">
         <subfield code="a">MEX-MOmrm</subfield>
         <subfield code="q">siglum</subfield>
         <subfield code="2">rism</subfield>
      </datafield>
      <datafield tag="034" ind1="1" ind2=" ">
         <subfield code="d">-101.194341</subfield>
         <subfield code="f">19.701769</subfield>
      </datafield>
      <datafield tag="040" ind1=" " ind2=" ">
         <subfield code="a">DE-633</subfield>
         <subfield code="c">DE-633</subfield>
         <subfield code="e">rismg</subfield>
      </datafield>
      <datafield tag="043" ind1=" " ind2=" ">
         <subfield code="c">XD-MX</subfield>
      </datafield>
      <datafield tag="110" ind1="1" ind2=" ">
         <subfield code="a">Museo Regional Michoacano “Nicolás León”</subfield>
         <subfield code="c">Morelia</subfield>
         <subfield code="g">MEX-MOmrm</subfield>
      </datafield>
      <datafield tag="368" ind1=" " ind2=" ">
         <subfield code="a">Institution</subfield>
         <subfield code="a">Library</subfield>
         <subfield code="a">Other</subfield>
      </datafield>
      <datafield tag="371" ind1=" " ind2=" ">
         <subfield code="a">Allende 305 esq. con Abasolo</subfield>
         <subfield code="a">Centro Histórico</subfield>
         <subfield code="b">Morelia</subfield>
         <subfield code="c">Michoacán</subfield>
         <subfield code="d">Mexico</subfield>
         <subfield code="e">58000</subfield>
         <subfield code="m">museo_michoacan@inah.gob.mx</subfield>
         <subfield code="u">http://morelianas.com/morelia/museos/museo-regional-michoacano/</subfield>
         <subfield code="z">tel: +52 / (443) / 312 0407</subfield>
      </datafield>
      <datafield tag="551" ind1="1" ind2=" ">
         <subfield code="a">Morelia</subfield>
         <subfield code="0">places/3905283</subfield>
      </datafield>
   </record>