
   <record>
      <leader>00000nz  a2200000nc 4500</leader>
      <controlfield tag="001">institutions/30080295</controlfield>
      <controlfield tag="003">DE-633</controlfield>
      <controlfield tag="005">20250620052130.0</controlfield>
      <controlfield tag="008">161109||||z|||a|||||||||||||||||n||||||d</controlfield>
      <datafield tag="024" ind1="7" ind2=" ">
         <subfield code="a">MEX-Mahn</subfield>
         <subfield code="q">siglum</subfield>
         <subfield code="2">rism</subfield>
      </datafield>
      <datafield tag="040" ind1=" " ind2=" ">
         <subfield code="a">DE-633</subfield>
         <subfield code="c">DE-633</subfield>
         <subfield code="e">rismg</subfield>
      </datafield>
      <datafield tag="043" ind1=" " ind2=" ">
         <subfield code="c">XD-MX</subfield>
      </datafield>
      <datafield tag="110" ind1="1" ind2=" ">
         <subfield code="a">Archivo Histórico José María Basagoiti Noriega del Colegio de San Ignacio de Loyola Vizcaínas</subfield>
         <subfield code="c">Ciudad de México</subfield>
         <subfield code="g">MEX-Mahn</subfield>
      </datafield>
      <datafield tag="368" ind1=" " ind2=" ">
         <subfield code="a">Institution</subfield>
         <subfield code="a">Library</subfield>
      </datafield>
      <datafield tag="371" ind1=" " ind2=" ">
         <subfield code="a">Calle Vizcaínas núm. 21, Col. Centro, 06080 Ciudad de México, Mexico</subfield>
         <subfield code="u">https://sites.google.com/site/sepepadi/archivo-de-las-vizcainas</subfield>
         <subfield code="u">https://colegiovizcainas.edu.mx/archivo</subfield>
      </datafield>
      <datafield tag="410" ind1=" " ind2=" ">
         <subfield code="a">Acervo musical</subfield>
      </datafield>
      <datafield tag="510" ind1="2" ind2=" ">
         <subfield code="a">AMCV</subfield>
      </datafield>
      <datafield tag="551" ind1="1" ind2=" ">
         <subfield code="a">Ciudad de México</subfield>
         <subfield code="0">places/3900300</subfield>
      </datafield>
      <datafield tag="667" ind1=" " ind2=" ">
         <subfield code="a">Published sources: 434</subfield>
      </datafield>
   </record>