
   <record>
      <leader>00000nz  a2200000nc 4500</leader>
      <controlfield tag="001">institutions/51008321</controlfield>
      <controlfield tag="003">DE-633</controlfield>
      <controlfield tag="005">20250620052321.0</controlfield>
      <controlfield tag="008">241023||||z|||a|||||||||||||||||n||||||d</controlfield>
      <datafield tag="024" ind1="7" ind2=" ">
         <subfield code="a">Q5838768</subfield>
         <subfield code="2">WKP</subfield>
      </datafield>
      <datafield tag="024" ind1="7" ind2=" ">
         <subfield code="a">MEX-Mbcfm</subfield>
         <subfield code="q">siglum</subfield>
         <subfield code="2">rism</subfield>
      </datafield>
      <datafield tag="034" ind1="1" ind2=" ">
         <subfield code="d">-99.15428249202353</subfield>
         <subfield code="f">19.353659827037248</subfield>
      </datafield>
      <datafield tag="040" ind1=" " ind2=" ">
         <subfield code="a">DE-633</subfield>
         <subfield code="c">DE-633</subfield>
         <subfield code="e">rismg</subfield>
      </datafield>
      <datafield tag="043" ind1=" " ind2=" ">
         <subfield code="c">XD-MX</subfield>
      </datafield>
      <datafield tag="110" ind1="1" ind2=" ">
         <subfield code="a">Biblioteca Cuicamatini de la Facultad de Música</subfield>
         <subfield code="c">Ciudad de México</subfield>
         <subfield code="g">MEX-Mbcfm</subfield>
      </datafield>
      <datafield tag="368" ind1=" " ind2=" ">
         <subfield code="a">Institution</subfield>
         <subfield code="a">Library</subfield>
      </datafield>
      <datafield tag="371" ind1=" " ind2=" ">
         <subfield code="a">C. Xicoténcatl 126, Del Carmen, Coyoacán</subfield>
         <subfield code="b">Ciudad de México, CDMX</subfield>
         <subfield code="d">Mexico</subfield>
         <subfield code="e">04100</subfield>
         <subfield code="m">cuicamatini@fam.unam.mx</subfield>
         <subfield code="u">https://fm.bibliotecas.unam.mx/index.php/la-biblioteca</subfield>
      </datafield>
      <datafield tag="410" ind1=" " ind2=" ">
         <subfield code="a">Biblioteca de la Escuela Nacional de Musica</subfield>
      </datafield>
      <datafield tag="551" ind1="1" ind2=" ">
         <subfield code="a">Ciudad de México</subfield>
         <subfield code="0">places/3900300</subfield>
      </datafield>
   </record>