
   <record>
      <leader>00000nz  a2200000nc 4500</leader>
      <controlfield tag="001">institutions/30080536</controlfield>
      <controlfield tag="003">DE-633</controlfield>
      <controlfield tag="005">20250620052132.0</controlfield>
      <controlfield tag="008">161109||||z|||a|||||||||||||||||n||||||d</controlfield>
      <datafield tag="024" ind1="7" ind2=" ">
         <subfield code="a">MEX-Mcn</subfield>
         <subfield code="q">siglum</subfield>
         <subfield code="2">rism</subfield>
      </datafield>
      <datafield tag="040" ind1=" " ind2=" ">
         <subfield code="a">DE-633</subfield>
         <subfield code="c">DE-633</subfield>
         <subfield code="e">rismg</subfield>
      </datafield>
      <datafield tag="043" ind1=" " ind2=" ">
         <subfield code="c">XD-MX</subfield>
      </datafield>
      <datafield tag="110" ind1="2" ind2=" ">
         <subfield code="a">Centro Nacional de Investigación, Documentación e Información Musical "Carlos Chávez" (CENIDIM)</subfield>
         <subfield code="c">Ciudad de México</subfield>
         <subfield code="g">MEX-Mcn</subfield>
      </datafield>
      <datafield tag="368" ind1=" " ind2=" ">
         <subfield code="a">Institution</subfield>
      </datafield>
      <datafield tag="368" ind1=" " ind2=" ">
         <subfield code="a">Library</subfield>
      </datafield>
      <datafield tag="371" ind1=" " ind2=" ">
         <subfield code="a">Centro Nacional de Investigación,,  Documentación e Información Musical,  "Carlos Chávez" (CENIDIM), Centro Nacional de las Artes, 7º piso de,  la Torre de investigación, Río Churubusco 79, Col. Country Club,,  Coyoacán, 04220 Ciudad de México, Mexico</subfield>
         <subfield code="u">http://www.cenidim.bellasartes.gob.mx/</subfield>
      </datafield>
      <datafield tag="410" ind1="2" ind2=" ">
         <subfield code="a">Archivo Histórico</subfield>
      </datafield>
      <datafield tag="551" ind1=" " ind2=" ">
         <subfield code="a">Ciudad de México</subfield>
         <subfield code="0">places/3900300</subfield>
      </datafield>
   </record>