
   <record>
      <leader>00000nz  a2200000nc 4500</leader>
      <controlfield tag="001">institutions/51008881</controlfield>
      <controlfield tag="003">DE-633</controlfield>
      <controlfield tag="005">20250703111250.0</controlfield>
      <controlfield tag="008">250703||||z|||a|||||||||||||||||n||||||d</controlfield>
      <datafield tag="024" ind1="7" ind2=" ">
         <subfield code="a">MEX-Mlccm</subfield>
         <subfield code="q">siglum</subfield>
         <subfield code="2">rism</subfield>
      </datafield>
      <datafield tag="034" ind1="1" ind2=" ">
         <subfield code="d">-99.13331937143217</subfield>
         <subfield code="f">19.432625799505722</subfield>
      </datafield>
      <datafield tag="040" ind1=" " ind2=" ">
         <subfield code="a">DE-633</subfield>
         <subfield code="c">DE-633</subfield>
         <subfield code="e">rismg</subfield>
      </datafield>
      <datafield tag="043" ind1=" " ind2=" ">
         <subfield code="c">XD-MX</subfield>
      </datafield>
      <datafield tag="110" ind1="1" ind2=" ">
         <subfield code="a">Librería de Cantorales de la Catedral de México (LCCM)</subfield>
         <subfield code="c">Ciudad de México</subfield>
         <subfield code="g">MEX-Mlccm</subfield>
      </datafield>
      <datafield tag="368" ind1=" " ind2=" ">
         <subfield code="a">Institution</subfield>
         <subfield code="a">Library</subfield>
      </datafield>
      <datafield tag="371" ind1=" " ind2=" ">
         <subfield code="a">Plaza de la Constitución, s/n, Downtown Mexico City, Area 6, Cuauhtémoc [City Hall]= Alcaldía</subfield>
         <subfield code="b">Mexico City</subfield>
         <subfield code="d">Mexico</subfield>
         <subfield code="e">CP 06060</subfield>
         <subfield code="m">musicat.web@gmail.com</subfield>
      </datafield>
      <datafield tag="410" ind1=" " ind2=" ">
         <subfield code="a">Mexico City Cathedral Choir Book Library</subfield>
      </datafield>
      <datafield tag="551" ind1="1" ind2=" ">
         <subfield code="a">Ciudad de México</subfield>
         <subfield code="0">places/3900300</subfield>
      </datafield>
   </record>