
   <record>
      <leader>00000nz  a2200000nc 4500</leader>
      <controlfield tag="001">institutions/51008194</controlfield>
      <controlfield tag="003">DE-633</controlfield>
      <controlfield tag="005">20250620052320.0</controlfield>
      <controlfield tag="008">240830||||z|||a|||||||||||||||||n||||||d</controlfield>
      <datafield tag="024" ind1="7" ind2=" ">
         <subfield code="a">MEX-SLPcjc</subfield>
         <subfield code="q">siglum</subfield>
         <subfield code="2">rism</subfield>
      </datafield>
      <datafield tag="034" ind1="1" ind2=" ">
         <subfield code="d">-100.9769255695725</subfield>
         <subfield code="f">22.14915360118988</subfield>
      </datafield>
      <datafield tag="040" ind1=" " ind2=" ">
         <subfield code="a">DE-633</subfield>
         <subfield code="c">DE-633</subfield>
         <subfield code="e">rismg</subfield>
      </datafield>
      <datafield tag="043" ind1=" " ind2=" ">
         <subfield code="c">XD-MX</subfield>
      </datafield>
      <datafield tag="110" ind1="1" ind2=" ">
         <subfield code="a">Centro Julián Carrillo</subfield>
         <subfield code="c">San Luis Potosí</subfield>
         <subfield code="g">MEX-SLPcjc</subfield>
      </datafield>
      <datafield tag="368" ind1=" " ind2=" ">
         <subfield code="a">Institution</subfield>
         <subfield code="a">Library</subfield>
         <subfield code="a">Documentation center</subfield>
      </datafield>
      <datafield tag="371" ind1=" " ind2=" ">
         <subfield code="a">Jardín Guerrero 10, esquina con Hermenegildo Galeana, Col. San Luis Potosí Centro</subfield>
         <subfield code="b">San Luis Potosí</subfield>
         <subfield code="c">San Luis Potosí</subfield>
         <subfield code="d">Mexico</subfield>
         <subfield code="e">C.P. 78000</subfield>
         <subfield code="m">ingenierodelson@yahoo.com.mx</subfield>
         <subfield code="m">rocio_moyapalau@hotmail.com</subfield>
         <subfield code="u">https://www.mexicoescultura.com/recinto/68326/centro-julian-carrillo.html</subfield>
         <subfield code="z">tel: +1 / 444 812 1957</subfield>
      </datafield>
      <datafield tag="410" ind1=" " ind2=" ">
         <subfield code="a">Centro de Formación, Investigación y Documentación Julián Carrillo</subfield>
      </datafield>
      <datafield tag="551" ind1="1" ind2=" ">
         <subfield code="a">San Luis Potosí</subfield>
         <subfield code="0">places/50021052</subfield>
      </datafield>
   </record>