
   <record>
      <leader>00000nz  a2200000nc 4500</leader>
      <controlfield tag="001">institutions/51000703</controlfield>
      <controlfield tag="003">DE-633</controlfield>
      <controlfield tag="005">20250620052238.0</controlfield>
      <controlfield tag="008">180313||||z|||a|||||||||||||||||n||||||d</controlfield>
      <datafield tag="024" ind1="7" ind2=" ">
         <subfield code="a">123119733</subfield>
         <subfield code="2">VIAF</subfield>
      </datafield>
      <datafield tag="024" ind1="7" ind2=" ">
         <subfield code="a">MEX-SQamc</subfield>
         <subfield code="q">siglum</subfield>
         <subfield code="2">rism</subfield>
      </datafield>
      <datafield tag="034" ind1="1" ind2=" ">
         <subfield code="d">-100.388735</subfield>
         <subfield code="f">20.590211</subfield>
      </datafield>
      <datafield tag="040" ind1=" " ind2=" ">
         <subfield code="a">DE-633</subfield>
         <subfield code="c">DE-633</subfield>
         <subfield code="e">rismg</subfield>
      </datafield>
      <datafield tag="043" ind1=" " ind2=" ">
         <subfield code="c">XD-MX</subfield>
      </datafield>
      <datafield tag="110" ind1="1" ind2=" ">
         <subfield code="a">Archivo Musical del Conservatorio de Música “José Guadalupe Velázquez”</subfield>
         <subfield code="c">Santiago de Querétaro</subfield>
         <subfield code="g">MEX-SQamc</subfield>
      </datafield>
      <datafield tag="368" ind1=" " ind2=" ">
         <subfield code="a">Institution</subfield>
         <subfield code="a">Library</subfield>
         <subfield code="a">Archive</subfield>
      </datafield>
      <datafield tag="371" ind1=" " ind2=" ">
         <subfield code="a">Josefa Vergara No. 35bis</subfield>
         <subfield code="a">Centro Histórico</subfield>
         <subfield code="b">Santiago de Querétaro, Qro.</subfield>
         <subfield code="c">Querétaro</subfield>
         <subfield code="d">México</subfield>
         <subfield code="e">C.P. 76000</subfield>
         <subfield code="m">contacto@conservatorioqueretaro.mx</subfield>
         <subfield code="u">http://www.conservatorioqueretaro.mx/</subfield>
         <subfield code="z">tel: +52 / 442 212 59 84</subfield>
         <subfield code="z">tel: +52 / 442 214 21 89</subfield>
      </datafield>
      <datafield tag="551" ind1="1" ind2=" ">
         <subfield code="a">Santiago de Querétaro</subfield>
         <subfield code="0">places/4000064</subfield>
      </datafield>
      <datafield tag="667" ind1=" " ind2=" ">
         <subfield code="a">Published sources: 6</subfield>
      </datafield>
   </record>